<record xmlns="http://www.loc.gov/MARC21/slim" xmlns:xsi="http://www.w3.org/2001/XMLSchema-instance" xsi:schemaLocation="http://www.loc.gov/MARC21/slim http://www.loc.gov/standards/marcxml/schema/MARC21slim.xsd"><leader>00473cz   2200145n  4500</leader><controlfield tag="001">oca00438619 </controlfield><controlfield tag="005">20040422114711.0</controlfield><controlfield tag="008">801105n| acannaab           |a aaa      </controlfield><datafield ind1=" " ind2=" " tag="010"><subfield code="a">n  80056875 </subfield></datafield><datafield ind1=" " ind2=" " tag="040"><subfield code="a">DLC</subfield><subfield code="c">DLC</subfield><subfield code="d">DLC</subfield></datafield><datafield ind1="1" ind2=" " tag="100"><subfield code="a">Columella, Lucius Junius Moderatus</subfield></datafield><datafield ind1="1" ind2=" " tag="400"><subfield code="a">Kolumella, Lucjusz Juniusz Moderatus</subfield></datafield><datafield ind1="1" ind2=" " tag="400"><subfield code="a">Columelle</subfield></datafield><datafield ind1=" " ind2=" " tag="670"><subfield code="a">His Les arbres, 1986:</subfield><subfield code="b">t.p. (Columelle)</subfield></datafield><datafield ind1=" " ind2=" " tag="670"><subfield code="a">His O rolnictwie, 1991- :</subfield><subfield code="b">v. 1, pt. 1-6 (Lucjusz Juniusz Moderatus Kolumella)</subfield></datafield></record>